<?xml version="1.0" encoding="UTF-8"?><collection xmlns="http://www.loc.gov/MARC21/slim"><record><leader>00611nam--2200193-i-4500</leader><controlfield tag="001">000039461</controlfield><controlfield tag="002">20161230</controlfield><controlfield tag="005">20161230201042</controlfield><controlfield tag="008">060222s1000------------r-----000-0-eng-d</controlfield><datafield ind1=" " ind2=" " tag="040"><subfield code="a">IFIN-HH</subfield></datafield><datafield ind1=" " ind2=" " tag="080"><subfield code="a">519.615.5=03.82=20</subfield></datafield><datafield ind1="1" ind2=" " tag="100"><subfield code="a">Samoilenko, A.M</subfield></datafield><datafield ind1="1" ind2="0" tag="245"><subfield code="a">Numerical-analytic methods of investigation periodic solutions</subfield><subfield code="c">A.m. samoilenko, n.i. ronto</subfield></datafield><datafield ind1=" " ind2=" " tag="260"><subfield code="a">Moscow</subfield><subfield code="b">Mir</subfield><subfield code="c">1979</subfield></datafield><datafield ind1=" " ind2=" " tag="300"><subfield code="a">183P</subfield></datafield><datafield ind1=" " ind2=" " tag="500"><subfield code="a">Titlul Original In Limba Rusa: Cislenno-analiticeskie Metodi Issledovania Periodiceskih Resenii</subfield></datafield><datafield ind1="1" ind2=" " tag="700"><subfield code="a">Ronto, N.I</subfield></datafield><datafield ind1=" " ind2=" " tag="852"><subfield code="a">48019</subfield><subfield code="c">519.4/5</subfield></datafield><datafield ind1=" " ind2=" " tag="CAT"><subfield code="a">Sys</subfield><subfield code="c">20130814</subfield><subfield code="h">130422</subfield></datafield></record></collection>